<record xmlns="http://www.loc.gov/MARC21/slim">
    <leader>03630ctm a2200541Ki 4500</leader>
    <controlfield tag="001">99900468584001852</controlfield>
    <controlfield tag="005">20200520073643.5</controlfield>
    <controlfield tag="008">180302q14011500fr 000 0 lat d</controlfield>
    <datafield ind1=" " ind2=" " tag="035">
        <subfield code="a">(OCoLC)1026502056</subfield>
    </datafield>
    <datafield ind1=" " ind2=" " tag="035">
        <subfield code="a">(OCoLC)on1026502056</subfield>
    </datafield>
    <datafield ind1=" " ind2=" " tag="035">
        <subfield code="a">(EXLNZ-01ALLIANCE_NETWORK)99324896054001451</subfield>
    </datafield>
    <datafield ind1=" " ind2=" " tag="040">
        <subfield code="a">ORU</subfield>
        <subfield code="b">eng</subfield>
        <subfield code="e">rda</subfield>
        <subfield code="c">ORU</subfield>
        <subfield code="d">OCLCQ</subfield>
        <subfield code="d">ORU</subfield>
        <subfield code="d">OCLCA</subfield>
        <subfield code="d">ORU</subfield>
        <subfield code="d">OCLCF</subfield>
    </datafield>
    <datafield ind1=" " ind2=" " tag="041">
        <subfield code="a">lat</subfield>
    </datafield>
    <datafield ind1=" " ind2=" " tag="049">
        <subfield code="a">MAIN</subfield>
    </datafield>
    <datafield ind1="2" ind2=" " tag="110">
        <subfield code="a">Catholic Church.</subfield>
    </datafield>
    <datafield ind1="1" ind2="0" tag="240">
        <subfield code="a">Gradual.</subfield>
        <subfield code="k">Selections</subfield>
    </datafield>
    <datafield ind1="1" ind2="0" tag="245">
        <subfield code="a">Two Leaves from a French Gradual.</subfield>
    </datafield>
    <datafield ind1=" " ind2="0" tag="264">
        <subfield code="a">France,</subfield>
        <subfield code="c">between 1401 and 1500?</subfield>
    </datafield>
    <datafield ind1=" " ind2=" " tag="300">
        <subfield code="a">2 leaves :</subfield>
        <subfield code="b">parchment ;</subfield>
        <subfield code="c">490 x 710 mm.</subfield>
    </datafield>
    <datafield ind1=" " ind2=" " tag="336">
        <subfield code="a">text</subfield>
        <subfield code="b">txt</subfield>
        <subfield code="2">rdacontent</subfield>
    </datafield>
    <datafield ind1=" " ind2=" " tag="337">
        <subfield code="a">unmediated</subfield>
        <subfield code="b">n</subfield>
        <subfield code="2">rdamedia</subfield>
    </datafield>
    <datafield ind1=" " ind2=" " tag="338">
        <subfield code="a">volume</subfield>
        <subfield code="b">nc</subfield>
        <subfield code="2">rdacarrier</subfield>
    </datafield>
    <datafield ind1=" " ind2=" " tag="583">
        <subfield code="a">Item cataloged from existing description by C. Pierce and J. Fox, and in
            hand by Erika Milo and Ian Scott, July/August 2018.</subfield>
    </datafield>
    <datafield ind1=" " ind2=" " tag="540">
        <subfield code="a">All requests for permission to quote or publish from manuscripts must be
            submitted in writing to the Head of Special Collections &amp; University
            Archives.</subfield>
    </datafield>
    <datafield ind1="1" ind2=" " tag="541">
        <subfield code="c">Donation/Purchase ;</subfield>
        <subfield code="a">Julia Burgess,</subfield>
        <subfield code="d">1935-1942.</subfield>
    </datafield>
    <datafield ind1=" " ind2=" " tag="500">
        <subfield code="a">Manuscript document.</subfield>
    </datafield>
    <datafield ind1=" " ind2=" " tag="500">
        <subfield code="a">Title devised by cataloger.</subfield>
    </datafield>
    <datafield ind1=" " ind2=" " tag="500">
        <subfield code="a">Collation: two disbound leaves.</subfield>
    </datafield>
    <datafield ind1=" " ind2=" " tag="500">
        <subfield code="a">Origin: France, 15th century.</subfield>
    </datafield>
    <datafield ind1=" " ind2=" " tag="500">
        <subfield code="a">Layout: 6 staves per page, 5 lines each.</subfield>
    </datafield>
    <datafield ind1=" " ind2=" " tag="500">
        <subfield code="a">Script: Gothic script sine pedibus (without foot serifs) in black ink.
            Staves ruled in red with brown bar lines, notes black.</subfield>
    </datafield>
    <datafield ind1=" " ind2=" " tag="500">
        <subfield code="a">Decoration: On recto of one sheet, a large &apos;Q&apos; in elaborate
            black penwork. On the 2nd sheet recto, a large &apos;D&apos; in elaborate black penwork,
            and on verso, a large &apos;B&apos; in red with diapered background and border in black
            ink.</subfield>
    </datafield>
    <datafield ind1=" " ind2=" " tag="500">
        <subfield code="a">Binding: Disbound.</subfield>
    </datafield>
    <datafield ind1=" " ind2=" " tag="500">
        <subfield code="a">First leaf recto has the first two lines of Psalm 79: &quot;Qui regis
            Israel, intende qui deducis velut ovem Jo&quot; and continues on verso, &quot;seph Qui
            sedes super cherubin, appare coram Effraim, Beniamin, et Manasse.&quot; Recto has
            trimmed red page number &quot;xl...&quot; in upper right corner. Second leaf recto: part
            of the Mass Introit for Christmas Dawn: &quot;et vocabitur admirabilis deus princeps
            pacis pater futuris eculi cuius regni non erit finis. v. Domin[us]&quot;. Verso:
            &quot;regnauit decorem induit induit* dominus fortitudinem et precinxit se virtute.
            Gloria Sec[?] R. Benedictus q.&quot; Recto has complete red page number
            &quot;xlviii&quot; on upper right corner. *Note: text typically given as &quot;indutus
            est indutus est.&quot;</subfield>
    </datafield>
    <datafield ind1=" " ind2=" " tag="500">
        <subfield code="a">Shelfmark: Eugene, OR, Special Collections and University Archives,
            University of Oregon, MS 058.</subfield>
    </datafield>
    <datafield ind1=" " ind2=" " tag="546">
        <subfield code="a">In Latin.</subfield>
    </datafield>
    <datafield ind1=" " ind2=" " tag="506">
        <subfield code="a">RESTRICTED ORIGINAL. USE DIGITAL COPY ONLY:</subfield>
        <subfield code="b">Use of original only by permission of the rare books curator. Inquiries
            concerning this item should be directed, in writing, to the Public Services Librarian,
            Special Collections Department, UO Libraries, or electronically:</subfield>
        <subfield code="u"
            >https://library.uoregon.edu/special-collections/research-assistance.</subfield>
    </datafield>
    <datafield ind1=" " ind2="0" tag="650">
        <subfield code="a">Manuscripts, Medieval</subfield>
        <subfield code="z">Oregon</subfield>
        <subfield code="z">Eugene.</subfield>
    </datafield>
    <datafield ind1=" " ind2="7" tag="650">
        <subfield code="a">Manuscripts, Medieval.</subfield>
        <subfield code="2">fast</subfield>
        <subfield code="0">(OCoLC)fst01008422</subfield>
    </datafield>
    <datafield ind1=" " ind2="7" tag="651">
        <subfield code="a">Oregon</subfield>
        <subfield code="z">Eugene.</subfield>
        <subfield code="2">fast</subfield>
        <subfield code="0">(OCoLC)fst01205922</subfield>
    </datafield>
    <datafield ind1=" " ind2="0" tag="655">
        <subfield code="a">Manuscripts, Latin (medieval and modern).</subfield>
    </datafield>
    <datafield ind1=" " ind2="7" tag="655">
        <subfield code="a">Graduals.</subfield>
        <subfield code="2">rbgenr</subfield>
    </datafield>
    <datafield ind1="2" ind2=" " tag="710">
        <subfield code="a">University of Oregon.</subfield>
        <subfield code="b">Libraries.</subfield>
        <subfield code="b">Special Collections &amp; University Archives.</subfield>
        <subfield code="k">Manuscript.</subfield>
        <subfield code="n">MS 058.</subfield>
    </datafield>
    <datafield ind1="1" ind2=" " tag="700">
        <subfield code="a">Burgess, Edward Sandford,</subfield>
        <subfield code="d">1855-1928,</subfield>
        <subfield code="e">former owner.</subfield>
    </datafield>
    <datafield ind1="1" ind2=" " tag="700">
        <subfield code="a">Burgess, Julia,</subfield>
        <subfield code="e">former owner.</subfield>
    </datafield>
    <datafield ind1=" " ind2=" " tag="851">
        <subfield code="a">Special Collections and University Archives,</subfield>
        <subfield code="c">University of Oregon, Eugene, OR 97403.</subfield>
    </datafield>
    <datafield ind1="8" ind2=" " tag="852">
        <subfield code="8">22329338690001852</subfield>
        <subfield code="b">SpecColl</subfield>
        <subfield code="c">spvaultxxx</subfield>
        <subfield code="h">MS 058</subfield>
    </datafield>
    <datafield ind1=" " ind2=" " tag="994">
        <subfield code="a">92</subfield>
        <subfield code="b">OCACL</subfield>
    </datafield>
</record>
